@article{doe2020example,
  title={An Example Article},
  author={Doe, John},
  journal={Journal of Examples},
  year={2020},
  volume={1},
  number={1},
  pages={1--10},
}